@article{aiAutomation,
    author = {Vadde, Bharath Chandra and Munagandla, Vamshi Bharath},
    year = {2022},
    month = {10},
    pages = {3},
    journal = {International Journal of Advanced Engineering Technologies and Innovations},
    title = {AI-Driven Automation in DevOps: Enhancing Continuous Integration and Deployment}
}

@article{aiDevopsAutomation,
    author = {Rayaprolu, Ranjith},
    year = {2024},
    month = {06},
    pages = {362-381},
    title = {AI Enhanced Cloud DevOps and Automation},
    volume = {4},
    journal = {Journal of Artificial Intelligence General science (JAIGS) ISSN:3006-4023},
    doi = {10.60087/jaigs.v4i1.265}
}

@article{MLDevopsWorkflows,
    author = {Publication, Research},
    year = {2020},
    month = {09},
    pages = {520-528},
    title = {Machine Learning Techniques for Optimizing DevOps Workflows},
    volume = {9},
    journal = {SSRN Electronic Journal}
}

@article{aiStreamlinedCICD,
    author = {Vemuri, Naveen and Thaneeru, Naresh and Tatikonda, Venkata},
    year = {2024},
    month = {02},
    pages = {7},
    title = {AI-Optimized DevOps for Streamlined Cloud CI/CD},
    volume = {9},
    journal = {International Journal of Innovative Science and Research Technology},
    doi = {10.5281/zenodo.10673085}
}

@article{integratingAIDevops,
    author = {Pattanayak, Suprit Kumar and Mehra, Aditya},
    year = {2024},
    month = {09},
    pages = {2244-2256},
    title = {Integrating AI into DevOps pipelines: Continuous integration, continuous delivery, and automation in infrastructural management: Projections for future},
    volume = {13},
    journal = {International Journal of Science and Research Archive},
    doi = {10.30574/ijsra.2024.13.1.1838}
}

@article{intelligentDevops,
    author = {Tyagi, Anuj},
    year = {2021},
    month = {03},
    pages = {367-385},
    title = {Intelligent DevOps: Harnessing Artificial Intelligence to Revolutionize CI/CD Pipelines and Optimize Software Delivery Lifecycles},
    volume = {8},
    journal = {Journal of Emerging Technologies and Innovative Research}
}

@article{interdisciplinaryAIMLDevopsAutomation,
    author = {Research - University Cumberlands},
    year = {2021},
    month = {10},
    pages = {511-519},
    title = {Interdisciplinary Topics in AI, ML, DevOps, and Automation},
    volume = {10},
    journal = {SSRN Electronic Journal}
}

@article{AIDrivenDevops,
    author = {Adewusi, Adebunmi},
    year = {2023},
    month = {12},
    pages = {},
    title = {AI-driven devops: Leveraging machine learning for automated software deployment and maintenance},
    journal = {Engineering Science \& Technology Journal}
}

@article{accountability,
    author = {Alami, Adam and Jensen, Victor Vadmand and Ernst, Neil A.},
    title = {Accountability in Code Review: The Role of Intrinsic Drivers and the Impact of LLMs},
    year = {2025},
    publisher = {Association for Computing Machinery},
    address = {New York, NY, USA},
    issn = {1049-331X},
    url = {https://doi.org/10.1145/3721127},
    doi = {10.1145/3721127},
    note = {Just Accepted},
    journal = {ACM Trans. Softw. Eng. Methodol.},
    month = feb,
    keywords = {Code quality, Accountability, Artificial Intelligence, Large Language Models, LLM, Code Review, Human and Social Aspects of Software Engineering}
}

@article{codereviewStudy,
  author    = {Rosalia Tufano and Gabriele Bavota},
  title     = {Automating Code Review: A Systematic Literature Review},
  year      = {2025},
  publisher = {Association for Computing Machinery (ACM)},
  address   = {New York, NY, USA},
  url       = {https://doi.org/10.48550/arXiv.2503.09510},  
  doi       = {https://doi.org/10.48550/arXiv.2503.09510},
  journal   = {Woodstock '18: ACM Symposium on Neural Gaze Detection},
  month     = {June},
  keywords  = {code review, recommender systems}
}

@article{aiDrivenAgile,
  author    = {Saad Ahmed},
  title     = {Integrating AI-Driven Automated Code Review in Agile Development: Benefits, Challenges, and Best Practices},
  year      = {2025},
  publisher = {Infogain Publication},
  issn      = {2454-1311},
  url       = {http://www.ijaems.com/},
  doi       = {10.22161/ijaems.112.1},
  note      = {Published under a Creative Commons Attribution 4.0 License},
  journal   = {International Journal of Advanced Engineering, Management and Science},
  month     = {Mar-Apr},
  keywords  = {AI-powered code review, Agile software development, developer productivity, integration challenges, best practices}
}

@inproceedings{aiPoweredEducation,
    author = {Oliveira, Eduardo and Rios, Shannon and Jiang, Zhuoxuan},
    year = {2023},
    month = {12},
    pages = {},
    booktitle = {},
    title = {AI-powered peer review process: An approach to enhance computer science students' engagement with code review in industry-based subjects},
    doi = {10.14742/apubs.2023.482}
}

@online{githubURL,
  title = {Github},
  url = {https://github.com}
}

@misc{ollama,
      title={LLaMA: Open and Efficient Foundation Language Models}, 
      author={Hugo Touvron and Thibaut Lavril and Gautier Izacard and Xavier Martinet and Marie-Anne Lachaux and Timothée Lacroix and Baptiste Rozière and Naman Goyal and Eric Hambro and Faisal Azhar and Aurelien Rodriguez and Armand Joulin and Edouard Grave and Guillaume Lample},
      year={2023},
      eprint={2302.13971},
      archivePrefix={arXiv},
      primaryClass={cs.CL},
      url={https://arxiv.org/abs/2302.13971}, 
}

@misc{codellama,
      title={Code Llama: Open Foundation Models for Code}, 
      author={Baptiste Rozière and Jonas Gehring and Fabian Gloeckle and Sten Sootla and Itai Gat and Xiaoqing Ellen Tan and Yossi Adi and Jingyu Liu and Romain Sauvestre and Tal Remez and Jérémy Rapin and Artyom Kozhevnikov and Ivan Evtimov and Joanna Bitton and Manish Bhatt and Cristian Canton Ferrer and Aaron Grattafiori and Wenhan Xiong and Alexandre Défossez and Jade Copet and Faisal Azhar and Hugo Touvron and Louis Martin and Nicolas Usunier and Thomas Scialom and Gabriel Synnaeve},
      year={2024},
      eprint={2308.12950},
      archivePrefix={arXiv},
      primaryClass={cs.CL},
      url={https://arxiv.org/abs/2308.12950}, 
}

@misc{deepseek,
      title={DeepSeek-R1: Incentivizing Reasoning Capability in LLMs via Reinforcement Learning}, 
      author={DeepSeek-AI and Daya Guo and Dejian Yang and Haowei Zhang and Junxiao Song and Ruoyu Zhang and Runxin Xu and Qihao Zhu and Shirong Ma and Peiyi Wang and Xiao Bi and Xiaokang Zhang and Xingkai Yu and Yu Wu and Z. F. Wu and Zhibin Gou and Zhihong Shao and Zhuoshu Li and Ziyi Gao and Aixin Liu and Bing Xue and Bingxuan Wang and Bochao Wu and Bei Feng and Chengda Lu and Chenggang Zhao and Chengqi Deng and Chenyu Zhang and Chong Ruan and Damai Dai and Deli Chen and Dongjie Ji and Erhang Li and Fangyun Lin and Fucong Dai and Fuli Luo and Guangbo Hao and Guanting Chen and Guowei Li and H. Zhang and Han Bao and Hanwei Xu and Haocheng Wang and Honghui Ding and Huajian Xin and Huazuo Gao and Hui Qu and Hui Li and Jianzhong Guo and Jiashi Li and Jiawei Wang and Jingchang Chen and Jingyang Yuan and Junjie Qiu and Junlong Li and J. L. Cai and Jiaqi Ni and Jian Liang and Jin Chen and Kai Dong and Kai Hu and Kaige Gao and Kang Guan and Kexin Huang and Kuai Yu and Lean Wang and Lecong Zhang and Liang Zhao and Litong Wang and Liyue Zhang and Lei Xu and Leyi Xia and Mingchuan Zhang and Minghua Zhang and Minghui Tang and Meng Li and Miaojun Wang and Mingming Li and Ning Tian and Panpan Huang and Peng Zhang and Qiancheng Wang and Qinyu Chen and Qiushi Du and Ruiqi Ge and Ruisong Zhang and Ruizhe Pan and Runji Wang and R. J. Chen and R. L. Jin and Ruyi Chen and Shanghao Lu and Shangyan Zhou and Shanhuang Chen and Shengfeng Ye and Shiyu Wang and Shuiping Yu and Shunfeng Zhou and Shuting Pan and S. S. Li and Shuang Zhou and Shaoqing Wu and Shengfeng Ye and Tao Yun and Tian Pei and Tianyu Sun and T. Wang and Wangding Zeng and Wanjia Zhao and Wen Liu and Wenfeng Liang and Wenjun Gao and Wenqin Yu and Wentao Zhang and W. L. Xiao and Wei An and Xiaodong Liu and Xiaohan Wang and Xiaokang Chen and Xiaotao Nie and Xin Cheng and Xin Liu and Xin Xie and Xingchao Liu and Xinyu Yang and Xinyuan Li and Xuecheng Su and Xuheng Lin and X. Q. Li and Xiangyue Jin and Xiaojin Shen and Xiaosha Chen and Xiaowen Sun and Xiaoxiang Wang and Xinnan Song and Xinyi Zhou and Xianzu Wang and Xinxia Shan and Y. K. Li and Y. Q. Wang and Y. X. Wei and Yang Zhang and Yanhong Xu and Yao Li and Yao Zhao and Yaofeng Sun and Yaohui Wang and Yi Yu and Yichao Zhang and Yifan Shi and Yiliang Xiong and Ying He and Yishi Piao and Yisong Wang and Yixuan Tan and Yiyang Ma and Yiyuan Liu and Yongqiang Guo and Yuan Ou and Yuduan Wang and Yue Gong and Yuheng Zou and Yujia He and Yunfan Xiong and Yuxiang Luo and Yuxiang You and Yuxuan Liu and Yuyang Zhou and Y. X. Zhu and Yanhong Xu and Yanping Huang and Yaohui Li and Yi Zheng and Yuchen Zhu and Yunxian Ma and Ying Tang and Yukun Zha and Yuting Yan and Z. Z. Ren and Zehui Ren and Zhangli Sha and Zhe Fu and Zhean Xu and Zhenda Xie and Zhengyan Zhang and Zhewen Hao and Zhicheng Ma and Zhigang Yan and Zhiyu Wu and Zihui Gu and Zijia Zhu and Zijun Liu and Zilin Li and Ziwei Xie and Ziyang Song and Zizheng Pan and Zhen Huang and Zhipeng Xu and Zhongyu Zhang and Zhen Zhang},
      year={2025},
      eprint={2501.12948},
      archivePrefix={arXiv},
      primaryClass={cs.CL},
      url={https://arxiv.org/abs/2501.12948}, 
}